1217 1544
411 186 524 204 ECCLESIAE
537 186 677 203 PARISIENSIS.
860 186 867 203 1
872 186 880 203 ’1
885 187 892 203 1

195 224 253 246 sium,
267 223 290 241 nd
303 223 400 242 emendum
410 227 479 248 purtem
492 223 562 241 decime
573 222 597 240 de
608 222 696 244 Saroeles,
710 228 752 240 cum
760 221 798 239 aliis
809 221 895 244 denariis3

195 254 228 272 sub
235 254 271 272 hoc
277 258 351 277 tenore,
361 253 412 278 quod
421 253 495 278 singulis
504 253 594 271 canonicis
605 256 623 270 et
635 252 698 276 majori
709 252 760 270 altari
768 252 896 274 servientibus,

195 285 227 309 qui
236 283 317 309 ejusden}
328 284 450 303 anniversario
462 284 570 305 intererunt,
583 289 613 301 sex
625 282 694 300 denarii
708 283 726 300 in
738 282 797 307 vigilia
808 286 826 300 et
834 289 865 300 sex
874 282 897 300 ad

195 316 268 333 missam
271 315 408 337 distribuentur,
413 318 431 332 et
435 314 532 332 duodecim
537 313 661 331 matriculariis
665 313 720 331 laicis.
726 314 807 331 Preterea
811 316 897 331 statutum

195 349 223 363 est
233 345 283 370 quod
292 345 375 363 sacerdos
384 345 416 369 qui
425 345 498 362 missam
507 344 632 366 celebraverit,
643 344 683 368 qui,
693 349 734 361 cum
745 343 768 361 de
780 343 898 361 servientibus

196 376 269 400 majoris
277 375 337 394 altaris
345 381 382 393 non
390 375 452 398 fuerit,
462 381 493 393 sex
499 374 592 397 denarios,
601 374 688 392 diaconus
695 378 739 397 tres,
751 378 768 392 et
777 373 899 392 subdiaconus

196 406 272 425 totidem
280 406 359 424 habebit.
370 406 389 423 Si
402 405 447 430 quid
459 406 551 424 residuum
563 406 625 429 fuerit,
639 405 662 423 ad
675 405 760 423 denarios
771 405 899 423 matutinarum

197 436 321 455 reservabitur.

221 467 291 485 Eodem
300 467 338 489 die,
346 466 391 485 obiit
399 466 448 484 bone
457 466 544 484 memorie
553 466 661 484 reverendus
670 466 688 484 in
697 466 768 484 Christo
777 469 828 490 peter
837 469 855 483 et
865 465 901 483 do-

197 497 257 515 minus
263 497 348 517 dominus
357 498 430 515 Petrus·
439 497 462 515 de
471 496 532 515 Ordeo
540 497 611 519 Monte,
619 495 712 520 quondam
719 496 834 514 miseratione
840 495 901 513 divina

198 528 293 553 episeopus
302 527 414 550 Parisiensis;
425 527 456 552 qui
463 528 481 545 in
489 533 522 545 suo
529 531 636 545 testamento
643 533 674 545 seu
681 527 743 544 ultima
750 526 842 544 voluntate
848 526 900 544 nobis

198 562 216 577 et
225 558 298 577 ecclesie
307 562 368 576 nostre
377 558 442 583 legavit
454 558 554 583 cappellam
566 564 618 576 suern
626 554 714 582 integram
723 557 746 575 de
755 557 837 579 veluoto,
848 558 901 575 semi-

198 593 260 607 natam
270 589 325 607 stellis
337 589 404 610 aureis,
420 588 517 606 habentem
527 588 598 606 orl'reda
608 588 632 606 ad
641 594 691 606 arma
700 589 747 610 sua',
761 593 795 612 pro
804 594 842 606 uno
851 588 901 606 anni-

198 620 277 638 versario
285 619 381 644 sollempni
391 625 440 637 anno
450 619 531 643 quolibet
539 618 654 637 celebrando⁴
662 618 815 642 Postmodumque
826 618 902 636 heredes

199 650 242 667 dicti
251 649 348 672 deffuncti,
358 649 492 667 considerantes
503 652 521 667 et
532 648 646 667 attendentes
655 648 732 673 legatum
741 648 846 672 hujusmodi
856 654 902 667 con-

199 679 260 697 sistere
276 680 293 696 in
306 679 359 696 rebus
368 680 408 702 *que
423 685 456 697 usu
467 679 550 697 consumi
561 683 645 704 possunt,
660 678 713 697 nobis
724 682 741 697 et
756 678 814 697 eidem
828 679 902 697 ecclesie

200 712 271 732 nostre,
279 708 303 727 ad
310 709 474 733 augmentationem
481 708 524 726 dicti
533 709 596 732 legati,
607 708 696 727 dederunt
705 712 721 727 et
731 713 850 733 erogaverunt
856 715 903 727 sum-

200 745 248 758 mam
255 739 375 757 ducentorum
381 739 484 757 franeorum
491 739 536 762 auri,
544 739 562 757 in
569 739 680 764 emptionem
685 739 795 762 reddituum,
800 746 834 764 pru
840 739 903 757 sunda—

201 770 250 788 tione
258 769 301 788 dicti
309 769 426 788 anniversarii
434 769 605 788 convertendorum.

515 831 582 848 CXCIV
585 844 589 848 .

227 874 279 890 Anno
294 873 367 890 Domini
383 872 477 890 millesimo
490 873 615 890 trecentesimo
631 873 725 895 vicesimo,
742 872 771 891 die
785 873 847 891 martis
862 877 904 898 post

202 902 337 920 translationem
348 903 405 920 sancti
418 902 508 921 Benedicti
518 903 603 925 estivalis,
616 909 677 921 mense
688 902 736 926 julii,
749 903 794 921 obiit
804 903 853 921 bone
865 910 903 922 rne-

202 933 260 951 rnorie
268 933 350 957 magister
359 934 427 957 Symon
436 933 459 951 de
467 933 585 956 Guibervffla,
596 933 660 951 doctor
671 933 689 951 in
699 933 797 958 theologia,
810 934 853 952 olim
862 940 904 952 can-

203 963 285 981 cellarius
290 967 354 988 etpost
360 963 440 981 decanus
446 963 519 982 ecclesie
526 964 642 982 Parisiensis¹.
647 964 683 986 Qui
690 964 754 988 legavit
759 964 820 987 nobis,
828 964 851 982 ad
857 971 904 989 opus

203 994 319 1012 anniversarii
328 994 364 1017 sui,
375 994 426 1012 ennis
434 994 517 1019 singulis,
524 995 541 1012 in
549 994 624 1012 ecclesia
630 999 698 1017 nostra,
705 995 723 1013 in
731 995 779 1020 capis
786 995 852 1017 sericis,
860 995 904 1013 duo-

203 1025 237 1042 bus
248 1025 339 1043 canonicis
352 1025 429 1043 chorum
441 1024 551 1047 tenentibus,
567 1025 585 1043 in
600 1025 658 1049 vigilia
671 1029 689 1043 et
705 1025 767 1048 missa,
781 1025 904 1052 sollempniter

203 1055 290 1078 faciendi,
297 1059 315 1073 et
320 1055 397 1073 duarum
405 1055 508 1078 missarum,
518 1061 595 1079 quarum
603 1062 638 1073 una
647 1056 681 1073 erit
688 1056 711 1073 de
718 1055 770 1074 beata
777 1056 844 1080 virgine
850 1056 904 1075 Maria

204 1089 222 1103 et
230 1085 264 1103 alia
272 1085 295 1104 de
304 1086 370 1110 Spiritu
379 1086 454 1108 Sancto,
464 1086 566 1107 annuatim,
578 1092 641 1104 omnes
651 1086 740 1109 redditus,
751 1092 814 1105 census
823 1090 841 1105 et
849 1090 905 1105 terras

204 1122 250 1140 quus
259 1116 371 1140 possidebat,
380 1120 463 1141 tempore
471 1122 510 1141 quo
517 1116 601 1139 decessit,
614 1116 631 1134 in
644 1120 690 1134 terra
699 1123 730 1134 seu
741 1116 823 1145 dominio
832 1117 904 1142 capituli

205 1146 318 1169 Parisiensis,
328 1146 409 1165 videlicet
418 1154 422 1165 :
430 1147 493 1165 decem
503 1151 521 1166 et
530 1153 596 1166 novem
605 1147 660 1165 libras
668 1147 791 1165 Parisiensium
798 1148 853 1166 annui
863 1148 905 1166 red-

205 1177 253 1208 ditu-s
262 1177 382 1200 amortisatas,
394 1184 440 1202 quas
448 1178 557 1203 percipiebat
566 1178 659 1196 annuatim
671 1184 725 1203 super
733 1178 812 1203 avalagia
820 1179 905 1197 vinorum

224 1239 228 1246 ¹
236 1238 281 1251 Petnu
287 1238 312 1251 lv.
585 1240 592 1248 ³
598 1240 614 1253 ln
621 1239 655 1253 Gall.
663 1240 713 1255 Chr-¹11„
721 1243 731 1253 t.
738 1239 773 1256 Vn,
780 1240 805 1253 eol-
812 1239 843 1254 2⁰⁸.

223 1261 229 1269 ¹
235 1261 251 1275 [ιι
258 1261 292 1274 Gau,
300 1261 351 1277 Chim,
359 1264 370 1275 t.
376 1261 411 1278 vu,
419 1261 445 1274 col.
452 1261 484 1274 1⁴2:

945 470 980 482 um).

921 879 935 891 ιθ
939 878 962 894 jul.
970 879 1005 891 131⁰.
