1217 1544
414 180 526 198 ECCLssSIAE
539 179 678 197 Pamsmusls.
872 179 896 197 33

177 224 179 226 ·
196 215 283 234 Girardns
296 216 380 234 dominus
393 216 416 235 de
429 216 552 239 Collauduno,
568 216 709 240 archidyaconus
720 216 739 233 iu
751 215 826 233 ecclesia
835 219 896 233 nostra

198 246 299 269 Parisiensi;
308 247 339 271 qui
345 247 394 265 dedit
401 247 461 270 nobis,
468 248 486 265 in
494 247 639 272 augmentatione
645 246 761 265 anniversarii
766 246 803 268 sui,
811 246 896 264 ducentas

197 280 215 295 et
222 283 252 295 κν]
258 277 311 295 libras
319 278 424 296 Parisienses
430 284 472 296 cnm
479 278 561 296 ducentis
569 281 587 295 et
595 277 692 301 nonaginta
701 277 750 295 libris
758 276 885 295 Parisiensibus
891 290 895 298 ,

198 313 242 331 quas
249 307 345 326 habuimus
354 314 375 326 ex
386 308 490 326 venditione
498 308 595 326 domorum
605 313 678 326 suarum
685 307 811 325 claustralium.
822 308 862 329 Que
868 313 897 331 pe-

198 338 291 356 cuniarum
299 344 369 357 summe
379 339 449 357 fuerunt
459 339 516 363 posite
526 339 544 356 in
554 338 646 363 emptione
654 338 720 356 domus
732 338 755 356 de
766 338 844 356 Virsiaco
855 344 897 355 cum

198 368 282 386 omnibus
288 369 399 393 pertinentiis
408 369 490 393 ejusdem
495 383 500 392 ,
507 369 572 394 emptis
579 375 589 387 a
596 369 671 387 domino
681 370 732 387 Petro
741 368 764 387 de
771 368 847 386 Sollerre
852 382 857 391 ‚
867 368 898 386 mi-

198 399 238 421 lite,
246 403 264 417 et
269 399 343 417 domina
349 399 441 422 Johanna,
450 400 488 424 ejus
495 406 581 418 uxore...
590 401 644 422 ltem,
653 399 704 417 dedit
712 398 764 417 nobis
772 405 827 417 unam
834 405 897 424 capam

198 429 278 454 pulcram
287 430 391 452 brodatam,
402 430 426 448 ad
437 431 529 455 ymagines
541 431 593 448 beate
606 430 660 448 Maiie
671 430 753 454 virginis,
767 436 809 448 cum
821 430 866 448 stola
880 434 898 448 et

196 460 259 478 amitto
268 460 348 484 ejusdem
358 461 419 485 panni.
430 462 483 483 ltem,
493 461 574 479 fiandavit
583 461 601 478 in
611 460 674 479 eadem
685 460 758 479 ecclesia
769 464 830 478 nostra
843 466 897 478 unam

197 490 324 515 capellaniam,
335 492 353 509 in
366 491 456 509 honorem
469 491 511 514 Dei,
526 491 578 509 beate
587 491 642 509 Marie
650 491 723 515 virginis
735 495 752 509 et
763 491 857 509 beatorum
869 491 898 509 Ni-

197 521 252 539 chasii
258 522 385 546 sociorumque
390 522 435 545 ejus,
443 521 467 539 ad
472 521 527 540 altare
534 522 615 547 ipsorum
622 525 727 546 martyrum,
734 522 753 539 in
760 522 818 546 capite
825 521 898 540 ecclesie

198 555 266 574 uostre3
281 552 304 570 ad
316 558 371 576 quam
384 552 462 577 pertinet
475 552 508 570 ista
519 558 554 577 que
566 556 666 576 sequuntur
676 559 680 570 :
693 552 763 577 primo,
779 553 812 570 tria
824 556 898 577 arpenta

198 588 239 600 cum
249 582 305 600 tribus
312 582 405 607 quarteriis
411 583 466 607 prati,
474 583 507 600 sita
512 583 562 607 juxta
571 584 650 607 Burgum
658 583 732 607 Regine3
742 583 794 605 item,
804 587 845 601 octo
854 583 898 601 libre

198 613 253 631 annui
262 617 280 631 et
291 613 374 638 perpetui
385 619 449 631 census
460 619 491 631 seu
503 613 594 635 redditus,
604 619 659 638 super
670 613 754 631 domibus
764 613 809 631 ultra
822 614 898 631 Parvum

199 644 283 666 Pontem,
292 644 310 661 in
320 644 360 661 vieo
371 644 417 661 Petri
426 644 527 666 Sarraceni,
535 644 553 662 in
563 644 635 662 censiva
643 644 714 662 Henrici
723 644 746 662 de
752 644 848 667 Gandavo,
857 650 899 662 con-

198 674 250 699 tiguis
259 674 322 692 domui
331 680 367 699 que
376 674 409 692 fuit
418 674 487 692 domini
497 674 583 693 Johannis
590 674 613 692 de
620 674 675 693 Calvo
684 675 753 697 Monte,
762 681 783 693 ex
792 681 828 693 una
838 678 897 699 parte,

198 708 216 723 et
225 704 287 723 domui
300 705 395 723 petronille
407 705 430 723 de
442 705 508 727 Saccis,
521 704 609 729 beguine,
621 711 643 723 ex
654 705 720 727 altera,
730 709 807 730 quatuor
819 706 899 723 terminis

200 736 275 753 Parisius
283 736 383 758 consuetisq
395 736 446 758 item,
455 740 532 760 quatuor
540 735 585 754 libre
594 736 710 758 Parisienses,
721 736 836 761 percipiende
845 742 899 761 super

198 765 258 784 officio
270 767 434 784 anniversariorum
446 766 519 785 ecclesie
530 770 591 785 nostre
604 767 716 788 Pm'siensis,
730 767 748 785 in
760 767 805 785 sesto
816 766 898 792 purifica-

199 797 252 815 tionis
261 796 312 815 beate
323 797 377 815 Marie
386 798 467 822 virginis3
479 798 531 820 item,
542 801 615 816 centum
626 794 741 822 solidisssper
750 801 815 816 terram
822 798 897 820 Galteri,

199 828 291 852 armigeri,
303 828 327 846 de
336 828 389 850 Thif',
401 828 450 852 juxta
460 828 588 850 Gonnessiam;
603 828 654 851 item,
667 832 740 846 centum
752 832 770 846 et
781 832 823 846 octo
837 828 898 851 solidi,

199 858 281 882 capiendi
291 864 344 882 super
353 858 453 876 redditibus
462 858 578 883 parrochialis
586 858 660 876 ecclesie
669 858 692 876 de
702 859 773 883 Separa.
786 859 830 876 Item
837 872 842 881 ‚
855 858 900 883 lega-

199 888 233 911 vit,
240 889 263 907 ad
270 889 436 913 augmentationem
443 888 522 913 predicte
529 888 634 913 capellanie,
640 892 713 906 centurn
720 888 773 906 libras
779 890 898 912 Turonenses,

199 925 233 944 pro
243 919 342 937 redditibus
352 919 439 937 emendis⁴
452 920 505 941 ltem,
518 919 582 943 legavit
593 919 686 943 capellano
697 919 744 937 dicte
758 919 866 944 capellanie,
876 920 899 938 ad

200 956 252 968 usum
259 956 312 968 suum
319 954 337 968 et
342 956 465 968 successorum
474 956 548 967 suorum
553 963 558 972 ,
567 950 585 967 in
594 953 702 974 perpetuum
707 963 712 972 ,
721 956 778 968 unum
785 950 851 968 lectum
858 957 899 969 cum

200 980 297 1006 pulvinari,
311 984 388 1005 quatuor
400 980 555 1002 lintheaminibus,
566 980 589 998 de
602 980 673 998 duobus
684 980 724 998 latis
735 980 899 1005 quolibet-linthea-

201 1012 258 1033 mine,
271 1011 374 1033 auriculari,
386 1011 459 1029 duobus
469 1011 559 1036 capitegiis
570 1015 587 1029 et
597 1011 712 1036 coopertorio
724 1011 803 1030 fourrato
813 1011 837 1030 de
847 1013 900 1030 cuni-

201 1042 255 1064 culis;
265 1042 317 1064 item,
329 1048 385 1060 unum
395 1045 458 1066 potum
467 1048 563 1066 cupreum,
572 1047 626 1059 unam
633 1041 716 1066 patellam
723 1048 792 1064 eream,
802 1048 859 1060 unum
868 1042 901 1060 ba-

201 1073 270 1095 cinum,
278 1072 367 1091 calfariam
374 1079 415 1090 cum
425 1072 471 1097 pede
474 1085 479 1094 ‚
490 1078 544 1090 unam
551 1072 654 1090 craticulam
660 1085 665 1094 ,
676 1078 731 1090 unum
741 1078 837 1095 scannum,
846 1079 901 1091 unam

183 1098 186 1102 Ι
201 1110 281 1122 mensam
290 1110 332 1122 cum
341 1103 412 1122 duobus
421 1103 498 1121 tretellis.
510 1104 549 1125 Que
556 1103 617 1121 omnia
627 1103 728 1127 supradicta
737 1103 839 1128 capellanus
848 1104 902 1122 debet

200 1134 290 1152 dimittere
299 1134 396 1152 successori
407 1140 441 1152 suo
450 1134 468 1152 in
477 1133 571 1152 sufficienti
580 1137 632 1151 statu.
641 1135 685 1151 Item
691 1147 696 1156 ,
706 1133 729 1152 ad
738 1134 837 1159 predictam
845 1135 902 1159 capel·

201 1165 266 1183 laniarn
274 1168 315 1183 sunt
322 1165 355 1183 hec
363 1172 367 1182 :
378 1171 425 1183 unus
433 1164 477 1182 calix
484 1164 581 1183 deauratus
589 1164 635 1182 infra
642 1168 660 1182 et
667 1168 724 1186 extra,
733 1164 818 1189 ponderis
824 1165 900 1183 duarum

205 1195 326 1217 marcharum3
338 1201 394 1213 unum
403 1195 473 1213 missale
483 1195 521 1213 sine
530 1198 582 1217 nota,
594 1201 636 1213 cum
645 1194 738 1213 auriculari
750 1199 767 1213 et
779 1196 899 1220 manutergio;

221 1263 224 1270 ·
232 1263 269 1276 ron.
276 1262 329 1281 agna
336 1262 369 1280 cnzf,
376 1262 399 1280 qua
406 1262 443 1275 toea·
448 1267 484 1276 mum
491 1262 540 1276 didm:
547 1263 574 1279 ms,

252 1293 275 1305 tv.
547 1303 558 1314 0
817 1289 827 1306 5
