1217 1544
300 182 311 199 6
564 182 737 200 CHARTULAMUM

300 220 317 238 in
327 218 421 237 refectorio
433 218 531 237 abluuntur
538 218 594 243 pedes
604 218 689 236 tredecim
703 224 811 243 pauperum,
825 222 843 237 et
853 219 927 243 singulis
936 225 999 238 eorum

299 255 371 267 necnon
389 253 407 268 et
423 249 490 268 eisdem
508 249 592 267 ministris
608 246 667 268 altaris
683 249 749 268 cotidie
763 253 841 274 quatuor
856 250 924 268 denarii
941 250 999 269 distri-

299 280 389 303 buuntur;
405 280 501 305 unicuique
516 286 614 305 puerorum
630 280 785 303 unus‘dennrius,
801 284 820 299 et
835 281 906 305 utrique
921 275 1000 299 duorum

298 311 414 329 servientium
429 311 461 335 qui
472 316 537 335 aquam
551 310 647 336 prepainnt
661 311 736 336 pedibus
745 311 839 332 abluendis
850 318 897 330 unus
908 311 998 330 denarius,

299 341 402 359 Pmcuravit
421 341 474 359 etiam
493 340 587 359 salubriter
600 345 618 359 et
635 341 700 359 devote
714 341 767 365 quod'
777 342 841 360 festum
852 341 899 360 beati
914 342 1000 360 Johannis

265 384 268 387 .
298 371 420 396 Evnugeliste,
430 375 471 396 post
481 371 590 389 nativitatem
600 371 684 393 Domini,
694 371 744 396 quod
750 372 799 396 prius
809 372 918 396 negligenter
924 376 942 390 et
948 373 1000 396 jocu—

298 402 358 420 lariter
367 401 458 427 agebatur,
466 401 589 426 sollempniter
598 405 616 420 et
624 401 689 420 devote
697 401 818 420 celebraretur
826 403 844 420 in
851 402 925 421 ecclesia
932 407 998 425 nostra,

298 434 316 451 in
328 439 365 458 qno
379 433 443 457 singuli
455 432 515 451 elerici
525 432 576 450 chori
586 433 653 455 nostri,
665 433 697 457 qui
708 432 776 451 eisdem
786 433 878 451 matutinis
890 433 998 456 intererunt,

299 467 333 482 tres
340 464 424 482 denarios
430 464 538 488 percipient,
549 467 567 481 et
573 463 648 488 quilibet
654 463 767 486 clericorum,
776 464 807 488 qui
814 463 838 482 ad
844 464 917 482 missam
923 470 1000 489 respon-

298 495 365 512 sorium
379 494 407 512 vel
420 494 490 512 alleluia
501 495 520 512 in
532 500 600 518 organo
616 494 669 518 triplo
683 500 714 512 seu
732 494 834 519 quadruplo
846 494 958 517 decantabit,
969 501 999 513 sex

298 525 382 543 denarios
393 524 472 543 habebit.
484 525 561 543 Instituit
571 525 624 543 etiarn
633 524 671 542 duo
680 525 801 543 anniversaria
815 525 834 543 in
845 525 919 544 ecclesia
928 529 998 548 nostra,

298 562 331 581 pro
338 559 388 581 patre
395 560 413 574 et
421 559 487 578 matre,
497 556 516 573 in
523 555 589 580 quibus
598 555 733 574 distributiones
741 556 786 574 flunt
792 570 796 577 .
807 556 852 574 sieut
861 556 880 574 in
891 556 926 574 hoc
935 556 1000 575 eodem

297 586 389 610 volumine
398 586 469 611 plenius
477 586 519 604 alibi
528 586 636 604 continetur.
647 587 678 608 Et,
688 586 711 604 ad
723 586 757 605 hee
763 587 824 604 omnia
837 586 925 609 facienda,
936 587 960 605 de
966 593 1000 605 suo

297 618 371 642 proprio
386 616 460 635 ecclesie
474 620 535 635 nostre
546 617 684 635 misericorditer
696 617 791 641 assignavit
805 621 822 635 et
835 617 911 635 contulit
922 618 1000 642 quitquit

297 648 340 665 emit
352 648 370 665 in
381 647 477 672 parocchia
487 647 580 669 Liricanti,
595 651 631 665 tarn
643 647 662 665 in
673 647 773 672 hospitibus
783 640 838 672 quam
846 648 869 665 *ln
878 647 925 669 aliis,
937 654 947 666 a
958 649 999 666 Ber-

298 682 362 696 tranno
378 681 396 696 et
412 678 486 702 Regina,
504 683 559 695 uxore
573 683 610 695 sua.
629 677 682 695 Dedit
694 678 748 695 etiam
761 681 797 695 tres
810 684 900 702 arpennos
915 682 934 696 et
948 678 1000 696 dimi-

298 708 347 726 dium
361 708 463 730 vinearum,
476 714 520 732 quas
529 707 605 732 plantari
619 707 683 725 fecerat
694 708 712 725 in
723 711 769 725 terra
780 714 835 732 quam
848 708 940 732 acquisivit
951 708 999 733 apud

298 739 407 761 Hulmeiarn,
414 742 435 761 ‚et
445 738 522 756 torcular
529 739 583 756 situm
593 738 611 756 in
620 738 688 760 eisdem
698 738 755 756 vineis
760 744 802 756 cum
807 744 890 763 pressura
897 739 998 762 vinearum,

297 776 333 794 que
348 773 392 788 sunt
404 770 423 787 in
441 769 512 787 censiva
529 770 582 787 Beate
598 769 663 791 Marie;
681 768 784 794 pedaticum
802 769 856 787 etiam
873 773 891 788 et
906 770 1000 788 rotaticum

298 801 352 825 ipsius
363 800 408 823 loci,
419 804 437 818 et
447 806 521 818 censum
532 803 550 818 et
559 799 671 817 venditiones
680 804 782 824 pratorum,
795 806 830 824 qne
842 800 909 818 ibidem
920 801 1001 819 similiter

297 831 395 855 acquisivit.
415 830 468 849 Dedit
480 834 560 855 preterea
576 831 705 855 campipartem
723 834 770 848 terre
786 834 804 848 et
818 830 898 855 hospites
911 835 929 849 et
942 832 1001 850 censi-

297 868 349 884 vam,
359 868 394 886 qne
406 862 445 886 ipse
458 865 475 879 et
486 861 536 883 0do,
547 860 694 883 archidiaconus,
708 861 762 879 frater
773 861 838 886 ipsius,
850 866 930 879 emerant
942 868 953 880 a
967 863 1002 880 Ga-

297 892 357 911 chone
368 892 391 910 de
403 891 491 910 Bordellis
499 895 517 909 et
524 891 621 909 heredibus
630 892 674 915 ejus.
688 892 714 909 Ad
720 892 754 910 hec
760 893 813 910 etiam
820 892 870 910 dedit
880 896 898 910 et
906 893 1000 915 concessit,

298 923 321 941 de
332 923 424 941 voluntate
436 926 454 940 et
467 928 538 940 assensu
550 922 633 947 capituli,
648 922 726 947 quitquit
739 922 782 940 emit
795 922 844 947 apud
856 922 969 947 Spedonam,
983 923 1002 941 in

297 958 344 972 terra
353 953 405 971 beate
415 953 480 975 Marie,
490 959 501 970 a
509 952 584 971 Radulfo
594 953 683 971 Brotesalz
694 957 713 972 et
720 953 817 971 heredibus
830 954 875 976 suis,
886 957 922 971 tam
932 954 950 971 in
960 954 1002 972 vino

298 990 352 1008 quam
363 984 381 1002 iu
388 983 451 1013 blado,
462 989 526 1006 censu,
536 983 636 1008 caponibus
646 987 664 1002 et
672 983 716 1002 aliis.
729 984 807 1002 Instituit
816 990 889 1008 quoque
901 984 1003 1002 anniversa-

299 1015 346 1032 rium
354 1015 430 1032 fratrum
439 1020 523 1036 suorum,
533 1014 616 1032 videlicet
623 1014 695 1032 Roberti
702 1018 720 1032 et
729 1014 809 1037 Henriaeii,
822 1015 930 1038 marescalli;
939 1018 956 1033 et
964 1014 1003 1033 red-

298 1045 346 1063 ditus
356 1045 450 1070 assignavit
460 1045 478 1063 in
489 1044 545 1063 baalis
555 1045 647 1067 Liricanti,
659 1051 715 1069 quos,
726 1045 799 1069 singulis
809 1046 871 1068 annis,
884 1045 974 1070 persolvet
984 1045 1002 1063 in

299 1076 364 1094 eodeni
374 1076 495 1094 anniversario
502 1076 611 1100 quicumque
620 1076 672 1094 fuerit
681 1076 782 1101 prepositus
792 1076 880 1094 Lin'canti.
889 1076 943 1094 Dedit
949 1076 1002 1094 etiam

299 1106 352 1125 nobis
362 1112 416 1124 unam
426 1106 504 1124 casulam
514 1112 556 1125 cum
566 1106 660 1124 dalmatica
671 1110 688 1124 et
699 1106 760 1125 tunica
769 1110 786 1125 et
795 1106 865 1125 duabus
874 1106 918 1124 albis
927 1106 1001 1131 paratis,

299 1141 316 1155 et
327 1143 381 1155 unam
391 1143 454 1162 capam
464 1137 545 1155 sericam,
560 1138 650 1160 Preterea,
662 1137 685 1155 ad
695 1137 828 1155 incrementum
838 1137 874 1155 vini
886 1137 1003 1161 quadragesi-

300 1168 350 1186 malis
356 1181 360 1189 .
368 1168 421 1186 nobis
428 1168 545 1193 quadraginta
552 1167 613 1190 libras,
621 1171 647 1190 et,
655 1167 678 1186 ad
685 1168 797 1193 ampliandos
806 1167 887 1186 redditus
894 1168 1001 1186 elericorum

300 1199 441 1222 matutinalium,
452 1199 495 1217 alias
503 1199 621 1224 quadraginta
633 1198 686 1217 libras
698 1198 836 1217 misericorditer
847 1199 928 1217 eontulit.
939 1198 1002 1216 Adhuc

300 1230 363 1252 etiam,
375 1233 412 1247 tam
421 1229 469 1254 apud
479 1230 587 1248 Liricantum
594 1235 649 1254 quam
658 1230 676 1247 in
685 1229 763 1247 elaustro
773 1233 844 1252 nostro,
857 1230 880 1248 de
889 1235 922 1247 suo
932 1228 1001 1247 edificia

301 1266 365 1285 magna
372 1264 389 1279 et
398 1264 503 1285 sumptuosa
511 1261 616 1279 construxit.
628 1261 682 1285 Cujus
691 1261 744 1279 etiam
752 1261 893 1279 anniversarium
903 1260 1001 1284 capitulum
