1217 1544
314 185 338 204 76
578 188 751 206 CHARTULARIUM

313 229 355 241 cum
365 226 405 241 orto
417 223 454 241 sive
466 223 549 248 jardino,
563 224 615 242 sitam
628 225 676 249 apud
689 225 800 248 Cristoiium,
812 226 831 244 iu
842 229 888 244 terra
901 230 919 244 et
931 226 1013 245 dominio

313 253 385 278 capituli
398 254 510 276 Pm'siensis,
520 255 570 278 juxta
579 259 644 273 terram
658 255 700 273 dicti
713 255 834 274 archidiaconi
846 260 864 274 et
877 256 926 280 juxta
938 256 1012 275 domum

313 283 353 301 Giie
364 283 412 302 dicte
421 284 438 302 la
447 285 533 306 Corneae,
545 285 568 303 ad
576 289 644 310 septem
651 285 734 304 denarios
743 286 771 304 vel
779 287 849 305 circiter
858 287 914 305 annui
923 287 1013 310 redditus,

313 314 331 331 in
346 314 436 332 nativitate
448 315 520 333 Domini
531 315 612 340 quolibet
622 322 671 334 anno
681 316 790 335 reddendos.
804 318 858 345 lhtem,
869 318 966 342 quamdam
979 318 1015 336 do-

313 350 373 366 mum,
383 345 434 363 sitam
446 345 494 369 apud
506 346 618 369 Cristoiiuru,
632 353 675 364 cum
683 347 767 371 granchia
778 351 795 365 et
804 348 900 372 porprisio,
913 349 931 366 in
943 349 1014 366 censiva

312 375 385 399 capituli
399 375 511 398 Parisiensis,
526 376 549 394 ad
562 380 640 400 quatuor
651 376 734 395 denarios
747 378 852 396 Parisieuses
865 378 966 400 censuales,
982 385 1013 396 an-

312 406 380 423 nuatim
389 405 486 424 solvendos
495 406 513 424 ’111
524 406 567 425 sesto
578 407 635 425 sancti
645 408 728 432 Remigii,
741 408 842 432 contiguam
852 408 1013 427 111-,11111116οΠ18Ιωί

312 436 354 454 dicti
364 437 447 455 Salei-non
455 441 473 455 et
479 438 550 462 jardino
557 439 641 463 porprisii
649 438 722 463 capituli
734 439 842 457 Parisiensis.
856 440 909 462 item,
921 440 1012 464 quoddam

311 467 421 491 quarterium
431 471 477 485 terre
486 468 565 490 arabilis,
576 469 630 486 situm
640 468 707 487 ibidem
718 473 760 487 ante
767 469 842 487 domum
849 470 947 494 predictam
954 484 958 492 ‚
970 477 1013 489 one-

312 501 369 515 ratum
384 498 402 515 in
416 498 515 516 coustumis
530 504 561 516 seu
578 498 677 516 redditibus
691 499 765 517 ecclesie
779 497 886 518 Parisieusis.
904 501 958 523 item,
975 501 1012 519 duo

311 531 385 552 arpenta
394 531 413 546 et
419 528 524 551 dimidium,
535 535 569 547 nec
577 535 615 547 non
625 533 642 547 et
652 529 747 548 dimidium
756 531 865 554 quarterium
875 534 929 553 terre,
940 532 985 556 prati
995 535 1013 549 et

311 558 380 582 salceye
391 559 428 577 sive
442 559 527 583 ripparie,
539 560 571 577 sita
583 560 632 584 apud
645 560 756 582 Cristoiium,
771 561 789 579 in
801 561 871 579 censiva
881 561 953 586 capituli
966 557 1012 580 Pari-

310 589 382 611 siensis,
392 589 416 607 ad
427 589 490 607 decem
500 590 584 608 denarios
592 591 698 609 Parisienses
707 594 725 609 et
735 597 791 609 unum
801 592 924 610 'turonensem
933 592 1012 616 capitalis

310 625 383 641 census,
393 619 464 638 debitos
470 621 562 638 aunuatim
572 621 591 638 in
601 621 645 639 festo
652 621 700 639 beati
710 622 794 646 Remigii,
804 622 869 640 scilicet
876 622 955 647 quinque
961 615 1012 647 quar-

311 649 353 667 teria
366 650 425 667 minus
434 650 514 674 quinque
523 650 615 674 quari-eliis
627 651 645 668 in
656 651 697 670 10οο
706 652 738 676 qui
749 652 814 670 dicitur
826 653 901 674 Preaus,
916 656 952 670 tam
965 655 1011 668 [effi-²

310 685 364 704 quam
375 679 444 704 salceye
454 686 485 698 seu
498 680 584 705 ripparie,
597 681 643 698 inter
655 684 719 699 terram
730 682 785 704 ipsius
793 679 914 697 nmhidiaconi
921 683 938 697 et
943 678 1011 697 'terram

310 709 400 727 Guilielmi
411 710 454 728 dicti
465 710 557 734 Salemom
568 713 586 728 et
595 713 690 734 arpentum
701 713 718 727 et
732 709 827 727 dimidium
837 709 896 727 minus
906 713 948 727 octo
959 715 1011 733 quar-

281 744 283 746 ’
310 740 367 762 renis.
380 744 416 758 tam
428 741 473 764 prati
485 746 540 764 quarn
552 744 598 758 terre
610 739 690 761 arabilis,
703 739 725 757 ad
738 743 810 764 portum
821 740 844 757 de
857 739 950 762 Cristoiio,
965 740 1012 758 inter

310 770 413 789 cheminum
421 775 439 789 et
447 775 512 789 terram
519 770 606 789 =iohannis
615 770 658 788 dicti
666 769 766 788 Godeman.
777 771 830 793 ltem,
840 770 931 795 quandam
942 771 1010 795 peciam

310 805 346 819 tam
356 805 402 819 terre
410 808 464 825 quam
472 801 541 825 salceye
546 801 583 819 sive
589 801 676 826 ripparie,
686 801 809 819 continentem
815 801 910 819 dimidium
916 805 1010 825 arpentum

309 835 327 850 et
338 832 433 850 dimidium
447 832 557 856 quarterium
570 831 598 849 vel
611 832 687 853 circiter,
698 832 749 849 sitam
761 831 809 856 apud
821 831 933 854 Cristoliurn,
942 831 960 849 in
970 831 1011 849 loco

309 863 340 886 qui
350 866 423 880 vocatur
433 864 508 884 Preaus,
519 862 632 886 contiguam,
647 868 669 880 ex
681 866 755 887 utraque
767 866 826 887 parte,
839 862 889 880 terris
899 862 942 880 dicti
954 862 1011 880 archi-

309 893 390 915 diaconi,
401 893 419 911 in
429 893 500 911 censiva
510 892 573 911 decani
582 896 600 911 et
609 893 681 917 capituli
690 893 802 915 Parisieusis,
815 893 838 911 ad
846 893 893 911 duos
902 893 985 911 denarios
993 897 1011 911 et

309 923 384 941 obolum
394 923 474 948 capitalis
483 929 547 941 census
558 923 695 946 tantummodo,
709 923 776 948 absque
787 923 823 942 aiio
833 929 888 942 onere
897 927 1010 948 preterquam

309 953 332 971 de
341 953 417 971 decimat
429 955 483 976 Item,
496 949 592 972 dimidium
602 958 697 979 arpentum
710 958 728 972 et
739 954 834 972 dimidium
843 954 953 978 quarterium
965 958 1010 972 terre

309 984 337 1002 vel
352 984 428 1006 circiter,
443 990 497 1009 quam
509 984 599 1002 habebant
613 984 703 1002 Dionisius
716 984 739 1002 de
752 984 863 1006 Buvenariis,
879 984 959 1006 Aveliua,
973 985 1011 1008 ejus

310 1020 360 1036 uxor,
374 1015 464 1033 Albericus
474 1014 582 1039 Chatputois
590 1018 608 1032 et
620 1015 715 1037 Ysabeliis,
731 1015 768 1039 ejus
778 1021 829 1037 uxor,
840 1015 888 1039 apud
897 1014 1008 1036 castolium,

310 1045 327 1062 in
336 1045 392 1062 ochiis
402 1045 471 1067 Aalart,
486 1045 504 1063 in
516 1048 563 1062 terra
574 1048 592 1062 et
601 1044 683 1062 dominio
695 1045 767 1070 capituli
780 1045 890 1067 Parisiensis‚
904 1051 961 1070 prope
974 1051 1010 1063 ma-

309 1081 369 1092 suram
378 1074 421 1093 dicti
430 1075 557 1093 archidiaconi.
568 1076 622 1097 Item,
633 1075 735 1099 portionem
746 1081 800 1099 quam
811 1075 901 1093 habebant
911 1075 1010 1100 Hugoiinus

310 1105 416 1130 Burgondus
424 1105 447 1123 de
455 1105 537 1123 Cristolio
544 1109 562 1123 et
569 1105 655 1128 Matildis,
666 1105 704 1129 ejus
713 1111 765 1128 uxor,
775 1112 795 1123 ac
805 1105 897 1127 Ysabellis,
907 1112 959 1123 soror
967 1106 1010 1124 dicti

310 1135 393 1160 Hugoiiui
399 1149 404 1158 ,
415 1136 433 1153 in
440 1136 518 1160 quadam
524 1141 604 1158 masura,
612 1136 644 1153 sita
650 1136 699 1160 apud
705 1136 806 1154 Cristolium
812 1149 817 1158 ‚
825 1136 871 1154 inter
877 1142 966 1154 masuram
974 1143 1010 1161 que

309 1166 342 1184 fuit
350 1166 443 1191 quondam
451 1166 499 1184 bone
508 1166 594 1184 memorie
605 1167 659 1188 Petri,
671 1166 764 1191 quondam
777 1166 880 1185 thesaurarii
891 1167 1008 1190 senonensis,

309 1200 327 1215 et
339 1203 429 1215 masuram
442 1197 485 1215 dicti
496 1196 626 1219 archidiaconi,
636 1203 691 1221 quam
703 1197 746 1215 emit
757 1203 767 1215 a
778 1197 860 1215 Johanue
874 1197 965 1215 flodoardi
972 1212 976 1218 ,
990 1198 1008 1216 in

309 1228 380 1245 censiva
392 1227 465 1252 capituli
478 1227 590 1249 Parisiensis,
605 1230 623 1245 et
636 1227 726 1252 quandam
738 1228 807 1251 peciam
818 1231 872 1250 terre,
883 1228 901 1245 111
910 1234 946 1252 qua
958 1228 1008 1246 edifi-

309 1258 355 1276 cavit
364 1264 418 1276 unam
427 1258 530 1282 granchiam
539 1264 581 1275 cum
588 1257 696 1282 quibusdam
704 1258 807 1276 bercheriis.
818 1259 858 1280 Que
866 1258 916 1283 pecia
923 1262 968 1276 terte
977 1259 1009 1276 sita
