1217 1544
328 182 335 199 l
341 182 364 200 12
592 183 766 200 CHARTULARIUM

327 218 390 236 subtus
398 213 471 237 archam
480 219 539 243 Magni
553 219 613 237 Pontis
624 219 735 242 Parisiensis,
748 219 766 237 in
779 219 824 237 festo
836 219 965 244 purificationis
976 220 1028 239 beate

327 249 382 267 Marie
391 249 473 273 virginis;
484 249 535 272 item,
548 255 602 274 super
611 249 742 274 preposituram
752 250 775 268 de
783 249 869 268 Corbolio
877 256 907 268 sex
916 250 970 269 libras
979 251 1028 269 Pari-

327 280 422 302 siensium,
432 280 535 302 annuatim,
543 286 576 304 per
584 286 649 298 manus
658 280 750 298 camerarii
761 280 821 299 elerici
834 281 907 299 ecclesie
916 281 977 300 nostre
987 288 1027 306 pre-

326 309 384 332 dicte,
395 310 471 328 termino
482 310 621 333 Purificationjs;
634 311 687 333 item,
697 310 746 335 apud
757 311 887 334 Corbomsam,
898 315 967 336 septem
974 318 1027 337 quar-

326 341 369 358 teria
375 344 469 365 pratorum
475 340 503 358 vel
510 341 566 363 cirea,
574 341 606 359 sita
614 341 660 359 inter
666 342 752 359 Sanctum
759 342 855 359 Martinum
861 345 879 360 et
885 342 930 360 vada
937 349 972 367 que
979 349 1027 361 nunc

326 375 387 390 tenent
395 372 456 389 Petrus
461 372 527 390 Goriau
534 375 552 390 et
556 372 624 396 Symon
630 371 653 389 de
658 371 727 390 Brocha
734 372 757 390 ad
763 371 889 395 hereditatem,
897 379 931 397 pro
937 369 1027 398 seiaginta

325 401 386 419 solidis
398 402 532 423 Parisiensium,
547 402 650 424 annuatim;
661 402 713 424 item,
731 402 780 426 apud
794 402 921 421 Andr-esiacum
935 404 1027 428 quandam

325 438 422 455 masuram,
430 432 481 450 sitam
490 432 513 450 ad
524 433 622 450 Herecourt
628 438 685 457 prope
694 432 830 455 Andresiacum,
839 439 880 451 eum
887 434 968 458 quinque
974 441 1027 459 quar—

325 463 373 480 teriis
381 463 433 481 vinee
441 467 489 481 retro
496 463 563 481 dictam
572 463 657 485 domum,
668 463 726 481 eidem
735 463 798 481 domui
804 464 896 488 contigue,
909 468 927 482 et
938 471 972 489 pro
983 465 1027 483 dua-

325 492 359 510 bus
371 493 426 517 peciis
440 497 495 516 terre,
509 493 546 511 sitis
559 493 583 511 ad
594 493 635 511 Bele
647 493 742 515 Fomaine,
757 493 890 512 continentibus
902 494 940 515 dus>
952 499 1026 519 arpenta

325 529 367 541 cum
379 523 455 541 dimidio
467 523 496 541 vel
511 524 589 546 circiter,
604 527 682 548 quatuor
693 523 746 541 libras
756 524 891 547 Parisiensium,
906 531 940 549 per
951 531 1025 543 manum

324 553 391 571 horarii
405 554 479 572 ecclesie
495 558 556 572 nostre
572 554 660 579 predicte,
675 554 777 577 annuatim,
792 560 828 579 que
842 558 890 573 tenet
901 555 997 574 Durandus
1008 556 1026 574 la

324 584 373 607 Tale,
381 585 482 609 prepositus
486 585 509 602 de
516 584 633 607 Andresiaco,
642 585 684 602 item
690 598 699 607 ,,
703 584 752 609 apud
759 585 893 608 Andresiacum,
901 592 957 604 unum
963 592 1026 611 arpen-

324 618 363 632 tum
375 618 421 633 terre
431 614 510 638 arabilis,
522 615 575 633 situm
587 615 650 633 subtus
663 615 789 638 Unnumtelet,
798 616 849 638 item,
863 622 918 634 unum
929 620 1024 641 arpentum

324 648 370 663 terre
375 659 379 667 ,
388 645 441 663 situm
447 651 501 670 supra
507 645 570 663 vallem
577 645 692 668 d'Orviliers;
699 646 741 664 item
746 659 751 668 ,
758 646 853 664 dimidium
860 650 954 671 arpentum
962 647 1013 664 vinee
1018 660 1023 669 ,

324 676 377 694 situm
386 681 409 694 au
419 676 542 698 Hermetiaus;
552 676 605 697 item,
616 675 711 694 dimidium
724 680 820 701 arpentum
833 677 895 697 vinee,
909 677 963 693 situm
975 676 1024 700 apud

323 706 411 730 Glatigni,
421 710 469 724 retro
478 706 553 724 domum
563 706 633 723 domiui
645 706 668 723 de
680 706 748 728 Borris;
761 712 797 730 que
806 709 854 724 tenet
861 705 919 724 dictus
927 706 1024 723 Durandus

323 737 424 761 prepositus
429 736 452 754 ad
460 736 539 759 firmam,
547 743 581 761 pro
587 736 704 761 quadraginta
711 736 773 754 solidis
779 736 902 755 Parisiensium
907 750 912 759 ,
920 737 1022 759 annuatim3

323 767 375 790 item,
385 767 434 792 apud
444 767 581 790 Andreaiaeum,
591 773 648 785 unum
657 771 752 792 arpentum
759 767 811 785 vinee
820 766 849 785 vel
858 767 934 789 circiter,
943 767 996 785 situm
1004 774 1024 785 es

323 798 428 820 Coustures,
438 797 488 822 quod
500 801 548 816 tenet
559 797 696 822 Heremburgis,
708 797 768 815 relicta
780 797 859 815 defuncti
872 797 958 815 Johannis
968 798 1022 820 Petit,

323 828 346 846 ad
355 828 435 850 firmam,
445 834 478 853 pro
487 828 604 853 quadraginta
617 828 679 846 solidis
692 828 825 850 Parisiensium,
838 828 937 846 annuatim.
950 828 1023 846 Summa

322 859 387 877 valoris
396 859 485 877 dictorum
494 859 610 877 anniversarii
619 862 637 876 et
647 859 741 876 missarum
752 858 823 882 triginta
834 864 863 876 sex
877 858 963 876 librarum
975 859 1023 876 Pari-

322 890 417 912 siensium3
431 890 454 908 de
463 890 529 914 quibus
538 890 599 914 viginti
609 889 654 907 libre
661 893 713 907 erunt
720 895 754 913 pro
761 889 809 907 dicto
816 889 968 907 anniversariam
976 890 1022 907 Octo

322 926 365 938 vero
374 920 420 938 libre
428 924 481 938 erunt
490 926 523 945 pro
533 920 585 938 missa
597 919 620 937 de
631 919 683 937 beata
695 920 797 944 Virgine....
811 920 833 937 Et
847 919 916 937 residue
927 923 969 937 octo
978 919 1023 937 libre

321 954 374 969 erunt
384 957 418 975 pro
429 951 482 968 missa
492 950 515 968 de
523 951 588 968 Sancto
597 950 695 974 Spi=·itu....
707 951 760 972 nem,
770 950 834 974 legavit
846 950 898 968 nobis
909 950 957 968 mille
969 950 1023 968 libras

322 981 456 1003 Parisiensium,
467 981 490 998 ad
500 981 601 999 faciendum
611 981 658 998 circa
669 980 726 1004 majus
736 981 791 998 altare
800 980 873 999 ecclesie
883 981 959 998 Parisius
967 987 1022 998 unam

321 1011 400 1029 tabulam
407 1015 509 1036 argenteam
514 1011 537 1029 ad
543 1011 634 1035 ymagines
641 1011 718 1029 elevatas
723 1011 747 1029 de
753 1011 870 1029 comnatione
876 1011 928 1029 beate
935 1012 1020 1036 Virginis,

320 1048 362 1060 cum
368 1042 508 1060 annunciatione
516 1042 609 1059 Dominica
618 1045 635 1059 et
644 1047 686 1059 cum
695 1041 807 1065 ymaginibus
815 1045 917 1059 sanctorum
925 1042 1020 1067 Stephani,

320 1072 469 1096 prothomartiris,
476 1076 494 1090 et
499 1071 575 1090 Marcelli
580 1085 584 1094 ,
590 1072 669 1096 episcopi
675 1075 693 1089 et
698 1072 804 1090 confessoris
809 1079 814 1094 ς
822 1072 872 1094 item,
879 1072 944 1090 fabrice
948 1072 1022 1090 ecclesie

320 1102 395 1120 parisius
400 1102 517 1127 quadraginta
524 1102 578 1120 libras
583 1102 724 1124 Turonensium;
732 1102 774 1120 item
780 1116 784 1125 ‚
793 1102 868 1120 ecclesie
874 1103 934 1120 Sancti
941 1103 1021 1126 Dyonisii

320 1132 343 1150 de
351 1133 404 1150 Passu
414 1132 475 1157 viginti
484 1132 538 1150 libras
544 1133 685 1154 Turonensium,
698 1139 732 1157 pro
742 1139 775 1151 suo
785 1133 916 1155 anniversario,
926 1136 1022 1157 parentum

319 1167 337 1181 et
349 1163 423 1181 t'mtrum
435 1169 509 1181 suorum
521 1163 612 1186 saciendo3
626 1164 678 1185 item,
690 1163 764 1181 ecclesie
774 1163 834 1181 Sancti
843 1163 929 1181 Johannis
943 1163 1021 1181 Rotondi

320 1194 382 1218 viginti
390 1193 445 1212 libras
453 1194 593 1215 Turonensium,
603 1200 637 1218 pro
646 1193 697 1211 simili
709 1200 771 1216 cauam
780 1194 833 1216 item,
847 1194 943 1218 capellanis
953 1193 1021 1211 benefi-

319 1225 368 1242 ciatis
375 1224 393 1242 in
402 1224 477 1242 ecclesia
486 1224 562 1242 Par-isius
570 1224 632 1248 viginti
641 1224 695 1241 libras
701 1224 841 1246 Turonensium,
850 1230 883 1248 pro
892 1223 946 1242 simili
955 1230 1019 1246 causa;

320 1255 372 1277 item,
383 1255 452 1273 clericis
461 1254 589 1272 matutinarum
599 1254 646 1272 dicte
655 1254 728 1272 ecclesie
738 1254 855 1279 quadraginta
866 1254 920 1272 libras
929 1255 1021 1272 'tumnen-
