1217 1544
320 184 355 202 ωε
463 176 469 181 “
581 185 756 203 cusnwmmum

318 220 430 238 Pentecostes
438 220 555 238 reddendam.
566 221 620 239 Dedit
629 221 682 239 etiam
691 221 743 240 nobis
752 222 842 246 sexaginta
852 221 920 240 solidos
933 222 1018 243 Parisien-

317 251 374 273 sium,
384 251 476 269 annuatim
485 251 609 276 percipiendos
618 252 637 270 in
645 258 700 270 ceusu
709 252 732 270 de
740 252 834 275 anello,
844 252 868 270 ad
876 253 1017 271 anniversarium

317 287 376 299 suum>
387 282 407 299 Et
413 281 510 306 capitulum
516 282 566 300 dedit
572 282 589 300 ei
594 286 613 300 et
621 283 709 301 concessit
714 282 832 307 quadraginta
840 283 916 306 solidos,
925 284 1017 301 annuatim

316 312 442 337 percipiendos
452 313 471 330 in
483 319 562 335 camera;
577 313 601 331 ita
613 313 663 337 quod
675 313 703 331 isti
715 317 789 332 centum
800 313 861 336 solidi,
872 314 954 332 videlicet
966 320 1017 332 sexa-

316 342 364 366 ginta
376 342 429 361 solidi
441 343 524 367 assignati
532 343 556 361 ab
564 349 587 361 eo
597 347 615 361 et
623 343 741 368 quadraginta
749 344 832 368 assignati
843 350 853 362 a
862 344 949 369 capitulo,
959 344 1017 363 distri-

316 372 394 400 buentur
406 373 479 398 singulis
490 374 550 396 annis,
563 374 581 392 in
591 374 621 392 die
629 374 744 392 anniversarii
756 375 793 397 sui,
804 375 878 399 siugulis
887 375 953 393 scilicet
962 381 1016 393 cano-

316 404 360 421 nicis
369 408 387 421 et
395 405 476 429 personis
485 405 548 428 majori
559 405 610 422 altari
622 405 740 423 servientibus
751 409 769 423 et
781 406 904 424 matriculariis
915 406 1016 430 presbiteris

315 434 346 458 qui
355 434 477 453 anniversario
486 435 594 457 intererunt,
601 435 620 453 in
627 435 686 459 vigilia
694 435 791 454 duodecim
800 435 885 454 denarios
893 440 910 454 et
919 436 1015 455 duodecim

315 465 333 482 in
343 465 403 483 missa.
412 465 465 483 Dedit
472 465 546 490 insuper
554 465 622 483 clericis
631 466 683 484 chori
692 472 729 484 non
739 467 830 485 canonicis
837 467 954 491 quadraginta
962 467 1015 485 libras

315 496 450 518 Parisiensium,
460 495 584 514 ad-einendos
596 496 686 519 redditusy
701 496 834 515 distribuendos
846 497 928 515 similiter
941 497 968 515 his
983 498 1014 522 qui

314 526 435 544 anniversario
442 532 475 544 suu
482 527 587 544 intererunt.
596 528 677 545 Preterea
683 528 757 545 instituit
765 527 813 546 idem
820 528 922 552 episcopu5‚
930 532 949 546 ut
955 528 1013 546 natale

314 556 360 574 beati
371 556 457 581 Stephani
466 557 589 581 sollempniter
598 561 616 575 et
625 558 728 582 regulariter
740 558 840 576 celebretur
848 558 867 576 in
878 558 952 576 ecclesia
964 559 1013 577 Pari-

313 587 375 609 δίεπε-»ῖς
384 590 402 605 et
411 587 460 605 dedit
467 587 541 611 singulis
547 588 638 605 canonicis
645 592 663 606 et
670 589 751 613 personis
760 589 824 613 majori
831 588 881 606 altari
888 589 1012 612 servientibus,

312 618 343 642 qui
352 618 442 635 matutinis
451 618 548 636 festivitatis
557 619 637 642 ejusdem
649 619 756 641 intererunt,
766 625 796 637 sex
809 618 903 641 denarios,
914 623 932 637 et
940 619 1013 644 singulis

312 648 350 665 aliis
359 647 427 666 clericis
436 648 486 666 chori
495 652 578 673 quatuor,
582 647 675 671 denarios,
685 650 745 674 pueris
751 653 811 667 autem
820 649 867 667 duos
875 649 968 672 denarios,
978 651 1013 668 sin-

312 680 356 704 gulis
365 686 408 698 vero
418 680 485 698 clericis
492 679 522 703 qui
531 679 549 696 in
559 679 612 696 missa
621 685 727 703 responsum
736 679 764 697 vel
773 679 850 702 alleluya
857 680 874 696 in
884 685 952 703 organo
959 679 1012 704 triplo

312 710 339 728 vel
353 710 454 734 quadruplo
469 709 600 731 decantabunt,
613 708 686 733 singulis
699 715 729 726 sex
740 708 832 731 denarios,
848 709 940 727 annuatim
953 710 1013 734 perci-

312 740 387 765 piendos
396 741 415 758 in
425 740 537 765 prepositura
547 740 645 757 Parisiensi.
654 739 707 757 Dedit
714 739 767 757 etiam
775 739 844 757 clericis
851 739 902 758 chori
911 746 948 758 non
958 746 1011 758 cano-

312 771 364 793 nicis,
375 771 406 795 qui
416 771 434 788 in
444 771 488 788 festo
498 770 643 788 Circumcisionis
652 770 742 788 matutinis
753 770 862 792 intererunt,
874 774 909 788 tres
916 770 1009 793 denarios,

311 801 384 826 singulis
391 807 434 819 vero
443 801 503 826 pueris
510 800 556 818 duos
566 800 659 822 denariosy
672 801 690 818 in
700 800 799 818 redditibus
807 801 867 825 capitii
877 801 1008 825 percipiendos*

311 832 363 850 Dedit
370 832 443 856 insuper
451 831 518 850 clericis
528 831 661 849 matutinalibus
669 830 782 848 medietatem
789 830 901 849 oblationum
910 831 968 849 crucis
975 837 1010 856 que

309 863 418 887 proveniunt
427 866 475 880 sexta
482 862 533 884 feria,
542 862 560 880 in
567 862 650 886 passione
656 861 734 879 Domini.
743 861 820 879 Instituit
829 862 882 879 etiam
889 861 938 886 quod
945 862 1009 880 festum

310 893 357 911 beati
366 893 451 911 Bernardi
460 892 594 910 Clarevallensis
603 892 703 910 celebretur
710 892 733 910 ad
742 891 837 910 dimidium
846 891 922 916 duplum
929 892 947 910 in
955 892 1009 911 eccle-

310 924 335 941 sia
343 923 444 945 Parisiensi3
453 926 471 941 et
477 923 500 941 ad
507 922 542 940 hnc
548 923 643 947 assignavit
649 926 667 940 et
673 922 724 940 dedit
731 922 820 940 decimum
826 928 881 947 quarn
887 926 955 941 emerat
961 923 1009 948 apud
1022 946 1026 950 ’

310 953 369 976 Buch;
379 954 402 971 ita
412 953 462 978 quod
472 953 522 976 inde,
532 953 605 977 singulis
613 953 673 976 annis,
681 953 700 971 in
708 953 789 978 predicto
799 953 843 971 festo
851 953 979 971 distribuentur
986 954 1009 971 ad

310 985 405 1002 matutinas
421 984 511 1002 canonicis
526 984 639 1008 presentibus
651 987 669 1002 et
680 988 757 1008 quatuor
770 984 893 1002 matriculariis
906 984 1009 1008 presbiteris

308 1015 381 1039 singulis
385 1021 416 1033 sex
423 1014 511 1032 denarios.
519 1014 537 1031 Si
544 1014 589 1038 quid
595 1014 686 1032 residuum
693 1014 745 1032 fuerit
751 1014 867 1032 distribuatur
873 1014 941 1032 clericis
947 1014 1006 1037 chori,

309 1049 363 1069 prout
371 1045 443 1064 extendi
453 1045 523 1069 poterit.
537 1045 618 1062 Preterea
629 1044 679 1062 dedit
690 1050 747 1062 unum
756 1044 838 1062 modium
847 1044 905 1067 bladi,
915 1045 1008 1063 annuatim

309 1075 442 1100 percipiendum
448 1075 466 1093 in
471 1075 540 1093 decima
547 1081 601 1099 quam
606 1074 669 1093 habuit
673 1075 696 1093 de
702 1081 747 1099 pace
752 1075 812 1093 Sancti
818 1072 908 1099 Dyonisii‘,
916 1073 939 1093 nd
945 1075 1008 1093 facien-

309 1106 352 1124 dum
362 1106 475 1127 mandatnm,
485 1112 517 1130 per
526 1111 600 1123 manum
608 1105 717 1123 succentoris
725 1105 757 1129 qui
767 1105 874 1123 ministrabit
883 1106 981 1123 necessaria
988 1106 1006 1123 in

309 1136 403 1158 mandatm
418 1140 436 1154 et
449 1136 463 1154 sl
475 1136 519 1160 quid
532 1136 624 1154 residuum
637 1136 697 1158 fuerit,
712 1136 745 1154 erit
756 1136 872 1154 succentoris,
889 1135 942 1153 Dedit
953 1136 1006 1153 etiam

308 1167 381 1185 ecclesie
396 1170 457 1184 nostre
472 1173 528 1184 unum
542 1166 625 1191 pallium,
640 1166 685 1184 duas
700 1172 775 1191 cappas,
790 1172 846 1184 unam
860 1166 939 1184 casulam
945 1180 950 1188 ‚
965 1172 1006 1184 cum

308 1198 402 1216 dalmatica
414 1200 432 1215 et
443 1197 502 1214 tunica
514 1200 532 1214 et
542 1197 622 1219 sarnifiu,
633 1200 650 1214 et
661 1196 720 1214 albam
732 1200 823 1221 paratam,
837 1202 880 1214 cum
888 1196 933 1214 stola
942 1200 960 1214 et
968 1202 1006 1214 ma<

308 1228 369 1253 nipulo
380 1231 443 1253 parato
456 1231 473 1245 et
486 1227 561 1249 amictu,
574 1230 593 1245 et
601 1226 671 1244 missale
679 1227 702 1245 nd
713 1227 808 1245 servicium
820 1226 892 1250 majoris
905 1226 975 1249 altaris,
988 1230 1006 1244 et

307 1259 409 1283 psalterium
425 1258 448 1276 ad
461 1258 557 1276 servicium
570 1257 630 1280 chori,
646 1261 664 1275 et
677 1257 775 1275 balsamum
787 1264 830 1276 cum
841 1257 927 1280 cristallo,
940 1257 1005 1282 pallam
