1217 1544
409 185 522 209 ECCLESIAE
535 190 674 208 PAMSOENSls.
856 190 891 208 179

193 227 261 246 toribus
270 227 313 245 dicti
321 227 399 246 defuncti
408 227 457 245 bone
467 227 554 245 memorie
563 226 675 252 Ranulphus,
686 226 719 244 Dei
728 226 782 250 gratia
791 226 892 244 Parisiensis

193 258 295 283 episcopus,
305 258 343 282 ejus
351 257 454 276 immediate
462 264 560 279 successor,
570 257 619 275 rnille
627 260 714 275 trecentas
721 256 792 281 triginta
797 260 833 274 tres
839 256 893 274 libras

194 289 325 307 Parisiensium.
335 289 375 310 Que
383 294 453 306 summe
463 288 579 313 pecuniarum
589 287 679 312 implicate
689 287 761 305 suerunt
770 287 788 305 in
798 287 892 311 empcione

193 318 238 337 sacta
247 319 295 344 apud
302 319 430 341 Gemiliacum,
438 318 541 336 aGaufrido
549 317 573 335 de
580 318 668 342 Jaiguicc,
678 318 774 342 armigero,
784 323 816 342 per
825 317 893 335 dictum

194 349 315 374 Rannlphum,
322 349 417 367 doniinum
423 348 535 373 episcopum,
541 348 624 366 videlicet
629 348 710 366 manerio
716 354 756 370 suo,
762 348 823 372 pratis,
830 348 892 369 vineis,

194 380 254 402 terris,
263 379 354 402 censibus,
364 379 449 402 dreturis,
458 379 511 397 furno
518 383 535 397 et
542 379 580 397 aliis
587 378 648 401 rebus,
657 378 704 403 apud
711 378 835 397 Gemiliacum.
845 379 894 397 Prius

194 414 254 428 autem
262 410 367 435 acquisierat
375 410 424 428 idem
432 410 516 428 dominus
524 409 624 434 Stephanus
632 409 727 434 episcopus
735 409 807 427 feodum
817 409 839 427 de
847 410 894 427 Gen-

194 440 262 463 tiliaco,
275 441 325 465 quod
335 441 379 459 emit
388 446 399 458 a
410 440 479 465 Philipo
490 440 513 458 de
525 441 611 463 Bruneio,
621 444 638 458 et
648 440 775 464 q'uinquaginta
784 443 818 458 tres
827 440 895 458 solidus

194 475 212 489 et
223 474 301 495 quatuor
312 471 395 489 denarios
405 471 460 489 annui
471 471 551 489 redditus
562 477 616 495 super
624 470 681 488 domo
693 470 709 488 la
718 471 756 493 Pie,
769 474 862 488 moventes
872 470 894 488 de

194 501 243 519 dicto
253 501 313 519 feodo.
325 502 379 524 Item,
390 502 495 526 acquisierat
503 507 569 519 novem
580 507 636 519 avene
645 501 729 519 sextarios
741 501 795 518 annui
805 501 893 522 redditus,

195 536 213 550 et
218 536 296 556 quatuor
301 538 390 557 arpennos
396 536 414 550 et
420 532 514 550 dimidium
520 532 612 550 vinearum
619 536 637 550 et
643 532 723 556 quinque
729 531 790 549 modia
796 532 834 549 vini
840 532 895 549 annui

195 562 284 585 redditus,
296 566 314 580 et
322 569 352 580 sex
361 558 429 580 solidos
440 566 458 580 et
466 568 496 580 sex
508 562 591 580 denarios
600 562 655 580 annui
666 568 738 584 census,
751 561 799 586 apud
811 562 895 580 Sanctum

195 592 323 615 Clodoaldumy
338 596 409 617 emptos
422 592 444 610 ab
456 592 520 610 abbate
533 592 556 610 de
569 593 673 615 Hermeriis3
688 593 739 614 item,
754 596 832 616 quatuor
843 592 896 610 libras

195 623 251 640 annui
258 623 345 645 redditus,
352 626 422 648 emptas
428 622 451 641 ab
457 622 522 641 abbate
528 622 551 640 de
559 622 601 640 Alba
607 623 667 645 Curia,
675 622 799 647 percipiendas
805 623 823 640 in
831 629 896 647 prepo-

196 654 250 671 situra
259 654 296 671 sive
305 659 359 671 censu
370 653 393 671 de
404 653 497 678 Caprosia,
507 653 526 671 in
535 653 613 671 crastino
623 654 709 671 Omnium
719 654 831 671 Sanctorum.
842 654 895 675 Item,

196 684 301 708 acquisierat
313 687 386 701 centum
400 687 473 708 arpenta
488 683 547 707 bosci,
565 687 635 708 emptos
644 684 694 707 juxta
709 684 828 707 Moysiacum3
843 684 895 706 item,

196 713 259 732 decem
268 713 321 731 libras
328 714 383 732 annui
390 713 478 736 redditus,
488 717 557 738 emptas
565 713 588 731 ab
598 713 653 731 Adam
662 714 726 738 Popin,
738 714 755 731 in
765 717 865 732 transverso
874 714 897 732 de

196 744 310 766 Conssanci03
320 744 372 766 item,
383 744 486 768 granchiam
493 744 543 768 juxta
551 744 613 762 vineas
623 744 646 761 de
657 745 728 768 Septem
739 744 782 762 Viis.
795 745 848 766 Item,
860 744 897 762 edi-

197 774 280 792 ficaverat
288 774 354 792 domos
362 774 385 792 de
395 780 444 792 novo
455 774 509 792 factas
518 774 568 798 juxta
577 774 679 798 granchiam
688 774 712 792 de
722 775 787 792 Sancto
797 775 895 792 Honoratu-

197 806 250 827 ltem,
263 805 368 829 acquisierat
380 804 453 823 feodum
464 805 517 822 castri
526 808 544 822 et
554 804 655 822 castellanie
665 804 688 822 de
697 805 805 829 Maurepast,
817 809 897 829 emptum

197 842 207 853 a
220 835 302 853 Johanne
315 835 338 853 de
350 836 437 857 Soisiaoo,
449 835 543 860 armigero.
555 836 609 857 ltem,
619 835 668 853 dedit
677 835 751 853 bibliam
759 835 867 860 potillatarn¹
879 836 904 853 in·

197 866 269 884 duobus
280 865 410 888 voluminibus,
423 872 478 890 quum
490 866 533 884 emit
545 866 605 890 precio
616 860 734 883 ducentarum
746 865 831 891 librarurn
842 867 897 884 Turo-

198 896 291 918 nensium,
304 896 326 914 ad
339 902 385 921 opus
396 896 501 914 cancellarie
512 900 530 914 et
543 896 643 914 cancellarii
657 896 763 914 Parisiensis.
779 897 833 919 ltem,
849 896 898 914 dedit

198 926 266 944 clericis
273 926 406 944 matutinalibus
414 926 485 951 triginta
489 926 544 945 libras
550 927 680 948 Parisiensium,
689 926 712 944 ad
718 926 804 945 emendos
810 927 896 949 redditus,

198 957 221 985 ad
231 963 277 982 opus
285 957 400 975 anniversarii
408 957 489 981 ejusdem
496 961 513 975 et
520 961 615 982 parentum
622 963 702 975 suorum.
711 957 830 976 Consideratis
838 962 898 976 autem

199 987 282 1012 predictis
291 991 309 1005 et
317 987 355 1005 aliis
363 993 398 1012 que
409 987 474 1005 fecerat
485 987 507 1005 ad
519 987 612 1005 utilitatem
621 987 694 1005 ecclesie
703 991 721 1005 et
729 988 842 1012 episcopatus
851 989 898 1006 Pari-

198 1018 271 1040 siensis‚·
281 1017 331 1035 dedit
341 1017 393 1035 nobis
404 1017 495 1042 predictus
506 1017 615 1042 Stephanus,
627 1017 649 1036 ad
660 1024 706 1042 opus
717 1019 832 1036 anniversarii
842 1019 868 1036 sui
881 1023 898 1036 et

198 1052 293 1073 parentum
305 1054 388 1070 suorum,
401 1052 470 1073 septem
482 1048 536 1066 libras
548 1048 682 1070 Parisiensium,
693 1049 788 1073 capiendas
799 1049 851 1067 annis
862 1049 897 1067 sin-
912 1067 915 1070 ,

199 1078 244 1103 gulis
255 1078 278 1096 de
288 1078 340 1096 bonis
353 1078 466 1103 episcopatus
475 1078 607 1096 Parisiensis....
619 1079 700 1102 Preterea
709 1078 756 1096 hone
767 1079 854 1097 memorie
865 1078 898 1097 ffi-

199 1108 286 1133 nulphus,
296 1108 388 1133 quondam
397 1109 498 1127 Parisiensis
505 1109 607 1134 episcopus,
618 1109 698 1133 ejusdem
704 1109 789 1134 Stephani
797 1110 899 1128 immediate

199 1145 298 1162 successor,
305 1139 355 1157 dedit
362 1139 420 1162 nobis,
429 1139 452 1157 ad
458 1140 624 1164 augmentacionem
630 1140 745 1158 anniversarii
750 1140 824 1165 predicti
830 1140 899 1158 domini

199 1169 294 1194 Stephani,
303 1174 376 1188 centum
384 1170 452 1188 solidos
461 1170 585 1188 parisiensium
594 1170 649 1188 annui
657 1170 745 1193 redditus,
755 1177 801 1195 quos
809 1171 856 1189 idern
866 1171 898 1189 do·

201 1200 259 1218 minus
270 1200 372 1224 Ranulphus
382 1201 425 1218 emit
434 1200 457 1219 de
465 1207 499 1218 suo
508 1201 581 1225 proprio
590 1207 600 1218 a
610 1200 684 1219 domina
693 1201 715 1219 de
726 1202 840 1226 Caprosiam
853 1202 898 1219 Con-

218 1269 222 1276 ·
230 1268 306 1286 aagendam
312 1267 396 1286 parnt-mm,
406 1267 421 1281 id
429 1271 448 1281 m
455 1268 510 1286 ρο-ιῑιιῑ.
517 1272 539 1281 κ..
546 1268 581 1281 mm.
588 1268 670 1281 inu-mun„
